%EXAMPLE!!!
%@article{einstein,
%    author =       "Albert Einstein",
%    title =        "{Zur Elektrodynamik bewegter K{\"o}rper}. ({German})
%        [{On} the electrodynamics of moving bodies]",
%    journal =      "Annalen der Physik",
%    volume =       "322",
%    number =       "10",
%    pages =        "891--921",
%    year =         "1905",
%    DOI =          "http://dx.doi.org/10.1002/andp.19053221004"
%  }



@article{Sardo,
author = "Giorgio Sardo",
title = "Building Mobile User Experiences",
year = "2009",
URL = "https://msdn.microsoft.com/en-us/expression/cc964299.aspx"
}


%\bibitem{Chong}
%  Chong, J. 
%  \textit{Expanding the Functionality of Mobile Applications with Magnetic Gyroscopes} 
%  In Kionix,
%  2015.
%\bibitem{Pattern}
%	Neil, Theresa.
%	\textit{Mobile Design Pattern Gallery}
%	2nd edition,
%	O'Reilly Media, Inc.,
%	2014.
%	\textit{[978-1-4493-6363-5]}
%		
%\bibitem{MobileUsability}
%	Jakob Nielsen, Raluca Budui
%	Web ISBN-13: 978-0-13-312215-2
%	Print ISBN-13: 978-0-321-88448-0
%	
%\bibitem{TypeComb}
%	\textit{Best Practices of Combining Typefaces}
%	Douglas Bonneville
%	\url{http://www.smashingmagazine.com/2010/11/04/best-practices-of-combining-typefaces/}
%	\textit{[Last Accessed on 23-03-2015]}
%	
%bibitem{DesignPrinciple}
%	\textit{The Principles of Design}
%	Joshua David McClurg-Genevese
%	\url{http://www.digital-web.com/articles/principles_of_design/}
%	\textit{[Last Accessed on 23-03-2015]}
%	
%bibitem{Colour}
%	\textit{How To Master Colour Theory}
%	Sam Hampton-Smith
%	\url{http://www.creativebloq.com/colour/colour-theory-11121290}
%	\textit{[Last Accessed on 23-03-2015]}
%	
%bibitem{Font}
%	\textit{“What Font Should I Use?”: Five Principles for Choosing and Using Typefaces}
%	Dan Mayer
%	\url{http://www.smashingmagazine.com/2010/12/14/what-font-should-i-use-five-principles-for-choosing-and-using-typefaces/}
%	\textit{[Last Accessed on 23-03-2015]}
%	
%bibitem{Icon}
%	\textit{Hpw To Design A Top Quality Icon}
%	Rob Carner
%	\url{http://www.creativebloq.com/graphic-design/how-design-top-quality-icon-10135092}
%	\textit{[Last Accessed on 23-03-2015]}
%		
%	
%%\end{thebibliography}2013